% Encoding: UTF-8


@Misc{ansoff,
  Title                    = {Matriz de {A}nsoff},
  Author                   = {Wikipedia},
  Note                     = {[Internet; descargado 6-diciembre-2015]},
  Year                     = {2015},
  URL                      = {https://es.wikipedia.org/w/index.php?title=Matriz_de_Ansoff&oldid=87394293}
}

@misc{ necesidad,
	author = "Wikipedia",
	title = "Necesidad",
	year = "2015",
	url = "https://es.wikipedia.org/w/index.php?title=Necesidad&oldid=86811287",
	note = "[Internet; descargado 9-diciembre-2015]"
}